<record><leader>00000cas a22000007a 4500</leader><controlfield tag="001">16619850</controlfield><controlfield tag="008">870831d18881923ohudr ne      0    0eng d</controlfield><datafield ind1=" " ind2=" " tag="010"><subfield code="a">sn 87076603 </subfield></datafield><datafield ind1=" " ind2=" " tag="040"><subfield code="a">ONP</subfield><subfield code="b">eng</subfield><subfield code="c">ONP</subfield><subfield code="d">OCLCQ</subfield></datafield><datafield ind1=" " ind2=" " tag="042"><subfield code="a">msc</subfield></datafield><datafield ind1="0" ind2=" " tag="130"><subfield code="a">Daily forum (Bucyrus, Ohio)</subfield></datafield><datafield ind1="1" ind2="4" tag="245"><subfield code="a">The Daily forum.</subfield></datafield><datafield ind1=" " ind2=" " tag="260"><subfield code="a">Bucyrus, Ohio :</subfield><subfield code="b">Bucyrus Pub. Co.</subfield></datafield><datafield ind1=" " ind2=" " tag="300"><subfield code="a">v.</subfield></datafield><datafield ind1=" " ind2=" " tag="310"><subfield code="a">Daily</subfield></datafield><datafield ind1="1" ind2=" " tag="362"><subfield code="a">Began in 1888?; ceased in May 1923.</subfield></datafield><datafield ind1=" " ind2=" " tag="580"><subfield code="a">Merged with: Bucyrus evening telegraph, and: Bucyrus journal (Bucyrus, Ohio : 1864), and: News-forum (Bucyrus, Ohio), to form: Telegraph-forum (Bucyrus, Ohio : 1923).</subfield></datafield><datafield ind1=" " ind2=" " tag="588"><subfield code="a">Description based on: July 11, 1888 issue.</subfield></datafield><datafield ind1=" " ind2=" " tag="752"><subfield code="a">United States</subfield><subfield code="b">Ohio</subfield><subfield code="c">Crawford</subfield><subfield code="d">Bucyrus.</subfield></datafield><datafield ind1="1" ind2="7" tag="785"><subfield code="t">Bucyrus evening telegraph</subfield><subfield code="w">(DLC)sn 87076601</subfield></datafield><datafield ind1="1" ind2="7" tag="785"><subfield code="t">Bucyrus journal (Bucyrus, Ohio : 1864)</subfield><subfield code="w">(DLC)sn 87076600</subfield></datafield><datafield ind1="1" ind2="7" tag="785"><subfield code="t">News-forum (Bucyrus, Ohio)</subfield><subfield code="w">(DLC)sn 87076604</subfield></datafield><datafield ind1="1" ind2="7" tag="785"><subfield code="t">Telegraph-forum (Bucyrus, Ohio : 1923)</subfield><subfield code="w">(DLC)sn 83035560</subfield></datafield></record>